@article{graham2009liberals,
  title={Liberals and conservatives rely on different sets of moral foundations.},
  author={Graham, Jesse and Haidt, Jonathan and Nosek, Brian A},
  journal={Journal of personality and social psychology},
  volume={96},
  number={5},
  pages={1029},
  year={2009},
  publisher={US: American Psychological Association}
}

@incollection{graham2013moral,
  title={Moral foundations theory: The pragmatic validity of moral pluralism},
  author={Graham, Jesse and Haidt, Jonathan and Koleva, Sena and Motyl, Matt and Iyer, Ravi and Wojcik, Sean P and Ditto, Peter H},
  booktitle={Advances in experimental social psychology},
  volume={47},
  pages={55--130},
  year={2013},
  publisher={Elsevier}
}

@article{haidt2004intuitive,
  title={Intuitive ethics: How innately prepared intuitions generate culturally variable virtues},
  author={Haidt, Jonathan and Joseph, Craig},
  journal={Daedalus},
  volume={133},
  number={4},
  pages={55--66},
  year={2004},
  publisher={MIT Press}
}

@article{haidt2007moral,
  title={The moral mind: How five sets of innate intuitions guide the development of many culture-specific virtues, and perhaps even modules},
  author={Haidt, Jonathan and Joseph, Craig and others},
  journal={The innate mind},
  volume={3},
  pages={367--391},
  year={2007},
  publisher={Citeseer}
}

@article{white1980value,
  title={The value of narrativity in the representation of reality},
  author={White, Hayden},
  journal={Critical inquiry},
  volume={7},
  number={1},
  pages={5--27},
  year={1980},
  publisher={University of Chicago Press}
}

@article{tappan1991narrative,
  title={Narrative, authorship, and the development of moral authority},
  author={Tappan, Mark B},
  journal={New Directions for Child and Adolescent Development},
  volume={1991},
  number={54},
  pages={5--25},
  year={1991},
  publisher={Wiley Online Library}
}

@article{tappan1989stories,
  title={Stories told and lessons learned: Toward a narrative approach to moral development and moral education},
  author={Tappan, Mark and Brown, Lyn Mikel},
  journal={Harvard Educational Review},
  volume={59},
  number={2},
  pages={182--206},
  year={1989},
  publisher={Harvard Education Publishing Group}
}

@article{ward1996lion,
  title={The lion king's mythic narrative: Disney as moral Educator},
  author={Ward, Annalee R},
  journal={Journal of Popular Film and Television},
  volume={23},
  number={4},
  pages={171--178},
  year={1996},
  publisher={Taylor \& Francis}
}

@online{narrativity,
  author = {Abbott, H.Porter},
  title = {Narrativity},
  year = 2014,
  url = {http://www.lhn.uni-hamburg.de/article/narrativity},
  urldate = {2018-04-09}
}

@article{schmid2003narrativity,
  title={Narrativity and eventfulness},
  author={Schmid, Wolf},
  journal={What is narratology},
  pages={17--33},
  year={2003}
}

@article{huhn2008functions,
  title={Functions and Forms of Eventfulness in Narrative Fiction},
  author={H{\"u}hn, Peter},
  journal={Theorizing Narrativity},
  pages={141--163},
  year={2008},
  publisher={De Gruyter Berlin}
}

@online{eventfulness,
  author = {Huhn, Peter},
  title = {Event and Eventfulness},
  year = 2013,
  url = {http://www.lhn.uni-hamburg.de/article/event-and-eventfulness},
  urldate = {2018-04-09}
}

@inproceedings{hogenboom2011overview,
  title={An overview of event extraction from text},
  author={Hogenboom, Frederik and Frasincar, Flavius and Kaymak, Uzay and De Jong, Franciska},
  booktitle={Workshop on Detection, Representation, and Exploitation of Events in the Semantic Web (DeRiVE 2011) at Tenth International Semantic Web Conference (ISWC 2011)},
  volume={779},
  pages={48--57},
  year={2011},
  organization={Citeseer}
}

@inproceedings{exner2011using,
  title={Using semantic role labeling to extract events from Wikipedia},
  author={Exner, Peter and Nugues, Pierre},
  booktitle={Proceedings of the workshop on detection, representation, and exploitation of events in the semantic web (DeRiVE 2011). Workshop in conjunction with the 10th international semantic web conference},
  pages={23--24},
  year={2011}
}

@inproceedings{chambers2009unsupervised,
  title={Unsupervised learning of narrative schemas and their participants},
  author={Chambers, Nathanael and Jurafsky, Dan},
  booktitle={Proceedings of the Joint Conference of the 47th Annual Meeting of the ACL and the 4th International Joint Conference on Natural Language Processing of the AFNLP: Volume 2-Volume 2},
  pages={602--610},
  year={2009},
  organization={Association for Computational Linguistics}
}

@article{ryan2007toward,
  title={Toward a definition of narrative},
  author={Ryan, Marie-Laure and others},
  journal={The Cambridge companion to narrative},
  pages={22--35},
  year={2007},
  publisher={Cambridge: Cambridge University Press}
}

@article{palmer2010semantic,
  title={Semantic role labeling},
  author={Palmer, Martha and Gildea, Daniel and Xue, Nianwen},
  journal={Synthesis Lectures on Human Language Technologies},
  volume={3},
  number={1},
  pages={1--103},
  year={2010},
  publisher={Morgan \& Claypool Publishers}
}

@inproceedings{meyer2013detecting,
  title={Detecting narrativity to improve English to French translation of simple past verbs},
  author={Meyer, Thomas and Grisot, Cristina and Popescu-Belis, Andrei},
  booktitle={Proceedings of the 1st DiscoMT Workshop at ACL 2013 (51st Annual Meeting of the Association for Computational Linguistics)},
  number={EPFL-CONF-192527},
  year={2013}
}

@article{114congress,
  title={Congressional Record for the 43rd-114th Congresses: Parsed Speeches and Phrase Counts},
  author={Gentzkow Matthew and Jesse M. Shapiro and Matt Taddy},
  publisher={Palo Alto, CA: Stanford Libraries [distributor]},
  year={2018},
  url={https://data.stanford.edu/congress_text}
}

@inproceedings{grisot2014cross,
  title={Cross-linguistic annotation of narrativity for English/French verb tense disambiguation},
  author={Grisot, Cristina and Meyer, Thomas},
  booktitle={9th Edition of the Language Resources and Evaluation Conference},
  number={EPFL-CONF-198436},
  year={2014}
}

@book{lakoff2014all,
  title={The all new Don't think of an elephant!: Know your values and frame the debate},
  author={Lakoff, George},
  year={2014},
  publisher={Chelsea Green Publishing}
}


@online{framenetstatus,
  author = {FraneNet},
  title = {Current Project Status},
  year = 2018,
  url = {https://framenet.icsi.berkeley.edu/fndrupal/current_status},
  urldate = {2018-04-15}
}

@article{pang2008opinion,
  title={Opinion mining and sentiment analysis},
  author={Pang, Bo and Lee, Lillian and others},
  journal={Foundations and Trends{\textregistered} in Information Retrieval},
  volume={2},
  number={1--2},
  pages={1--135},
  year={2008},
  publisher={Now Publishers, Inc.}
}

@inproceedings{maas2011learning,
  title={Learning word vectors for sentiment analysis},
  author={Maas, Andrew L and Daly, Raymond E and Pham, Peter T and Huang, Dan and Ng, Andrew Y and Potts, Christopher},
  booktitle={Proceedings of the 49th annual meeting of the association for computational linguistics: Human language technologies-volume 1},
  pages={142--150},
  year={2011},
  organization={Association for Computational Linguistics}
}

@article{Sklovskij1965art,
  title={Art as a Technique},
  author={Å klovskij, Viktor B.},
  year={1965},
   journal={Russian Formalist Criticism},
  pages={3--24},
  publisher={Lincoln: U of Nebraska}
}


@article{greimas1971narrative,
  title={Narrative grammar: Units and levels},
  author={Greimas, Algirdas Julien},
  journal={MLN},
  volume={86},
  number={6},
  pages={793--806},
  year={1971},
  publisher={JSTOR}
}

@article{berger2012makes,
  title={What makes online content viral?},
  author={Berger, Jonah and Milkman, Katherine L},
  journal={Journal of marketing research},
  volume={49},
  number={2},
  pages={192--205},
  year={2012},
  publisher={American Marketing Association}
}